
% math
@article{madisetty2021neural,
title={A neural approach for detecting inline mathematical expressions from scientific documents},
author={Madisetty, Sreekanth and Maurya, Kaushal Kumar and Aizawa, Akiko and Desarkar, Maunendra Sankar},
journal={Expert Systems},
volume={38},
number={4},
pages={e12576},
year={2021},
publisher={Wiley Online Library}
}

@article{greiner2020math,
  title={Math-word embedding in math search and semantic extraction},
  author={Greiner-Petter, Andr{\'e} and Youssef, Abdou and Ruas, Terry and Miller, Bruce R and Schubotz, Moritz and Aizawa, Akiko and Gipp, Bela},
  journal={Scientometrics},
  volume={125},
  pages={3017--3046},
  year={2020},
  publisher={Springer}
}

% measure
@inproceedings{harper2021semeval,
  title={Semeval-2021 task 8: Measeval--extracting counts and measurements and their related contexts},
  author={Harper, Corey and Cox, Jessica and Kohler, Curt and Scerri, Antony and Daniel Jr, Ron and Groth, Paul},
  booktitle={Proceedings of the 15th International Workshop on Semantic Evaluation (SemEval-2021)},
  pages={306--316},
  year={2021}
}

@article{kohler2021s,
  title={What's in a Measurement? Using GPT-3 on SemEval 2021 Task 8--MeasEval},
  author={Kohler, Curt and Daniel Jr, Ron},
  journal={arXiv preprint arXiv:2106.14720},
  year={2021}
}

% table and figure
@article{shen2022vila,
  title={VILA: Improving structured content extraction from scientific PDFs using visual layout groups},
  author={Shen, Zejiang and Lo, Kyle and Wang, Lucy Lu and Kuehl, Bailey and Weld, Daniel S and Downey, Doug},
  journal={Transactions of the Association for Computational Linguistics},
  volume={10},
  pages={376--392},
  year={2022},
  publisher={MIT Press}
}

@article{hashmi2021current,
  title={Current status and performance analysis of table recognition in document images with deep neural networks},
  author={Hashmi, Khurram Azeem and Liwicki, Marcus and Stricker, Didier and Afzal, Muhammad Adnan and Afzal, Muhammad Ahtsham and Afzal, Muhammad Zeshan},
  journal={IEEE Access},
  volume={9},
  pages={87663--87685},
  year={2021},
  publisher={IEEE}
}

@article{zhuang2022resel,
  title={ReSel: N-ary Relation Extraction from Scientific Text and Tables by Learning to Retrieve and Select},
  author={Zhuang, Yuchen and Li, Yinghao and Cheung, Jerry Junyang and Yu, Yue and Mou, Yingjun and Chen, Xiang and Song, Le and Zhang, Chao},
  journal={arXiv preprint arXiv:2210.14427},
  year={2022}
}

@article{yamamoto2021visual,
  title={Visual Summary Identification From Scientific Publications via Self-Supervised Learning},
  author={Yamamoto, Shintaro and Lauscher, Anne and Ponzetto, Simone Paolo and Glava{\v{s}}, Goran and Morishima, Shigeo},
  journal={Frontiers in Research Metrics and Analytics},
  volume={6},
  pages={719004},
  year={2021},
  publisher={Frontiers Media SA}
}

% dataset
@article{hou2019identification,
  title={Identification of tasks, datasets, evaluation metrics, and numeric scores for scientific leaderboards construction},
  author={Hou, Yufang and Jochim, Charles and Gleize, Martin and Bonin, Francesca and Ganguly, Debasis},
  journal={arXiv preprint arXiv:1906.09317},
  year={2019}
}

@inproceedings{kumar2021dataquest,
  title={DataQuest: An Approach to Automatically Extract Dataset Mentions from Scientific Papers},
  author={Kumar, Sandeep and Ghosal, Tirthankar and Ekbal, Asif},
  booktitle={Towards Open and Trustworthy Digital Societies: 23rd International Conference on Asia-Pacific Digital Libraries, ICADL 2021, Virtual Event, December 1--3, 2021, Proceedings 23},
  pages={43--53},
  year={2021},
  organization={Springer}
}

@inproceedings{prasad2019dataset,
  title={Dataset mention extraction and classification},
  author={Prasad, Animesh and Si, Chenglei and Kan, Min-Yen},
  booktitle={Proceedings of the Workshop on Extracting Structured Knowledge from Scientific Publications},
  pages={31--36},
  year={2019}
}

@article{kardas2020axcell,
  title={Axcell: Automatic extraction of results from machine learning papers},
  author={Kardas, Marcin and Czapla, Piotr and Stenetorp, Pontus and Ruder, Sebastian and Riedel, Sebastian and Taylor, Ross and Stojnic, Robert},
  journal={arXiv preprint arXiv:2004.14356},
  year={2020}
}

% citation classification
@inproceedings{kunnath2022act2,
  title={ACT2: A multi-disciplinary semi-structured dataset for importance and purpose classification of citations},
  author={Kunnath, Suchetha Nambanoor and Stauber, Valentin and Wu, Ronin and Pride, David and Botev, Viktor and Knoth, Petr},
  booktitle={Proceedings of the Thirteenth Language Resources and Evaluation Conference},
  pages={3398--3406},
  year={2022}
}

@inproceedings{kunnath2022dynamic,
  title={Dynamic Context Extraction for Citation Classification},
  author={Kunnath, Suchetha Nambanoor and Pride, David and Knoth, Petr},
  booktitle={Proceedings of the 2nd Conference of the Asia-Pacific Chapter of the Association for Computational Linguistics and the 12th International Joint Conference on Natural Language Processing},
  pages={539--549},
  year={2022}
}

@inproceedings{pride2019act,
  title={Act: An annotation platform for citation typing at scale},
  author={Pride, David and Knoth, Petr and Harag, Jozef},
  booktitle={2019 ACM/IEEE Joint Conference on Digital Libraries (JCDL)},
  pages={329--330},
  year={2019},
  organization={IEEE}
}

@article{kunnath2021meta,
  title={A meta-analysis of semantic classification of citations},
  author={Kunnath, Suchetha N and Herrmannova, Drahomira and Pride, David and Knoth, Petr},
  journal={Quantitative Science Studies},
  volume={2},
  number={4},
  pages={1170--1215},
  year={2021},
  publisher={MIT Press One Rogers Street, Cambridge, MA 02142-1209, USA journals-info~â€¦}
}

% topic classification
@article{sadat2022hierarchical,
  title={Hierarchical Multi-Label Classification of Scientific Documents},
  author={Sadat, Mobashir and Caragea, Cornelia},
  journal={arXiv preprint arXiv:2211.02810},
  year={2022}
}

@inproceedings{mendoza2022benchmark,
  title={Benchmark for research theme classification of scholarly documents},
  author={Mendoza, {\'O}scar E and Kusa, Wojciech and El-Ebshihy, Alaa and Wu, Ronin and Pride, David and Knoth, Petr and Herrmannova, Drahomira and Piroi, Florina and Pasi, Gabriella and Hanbury, Allan},
  booktitle={Proceedings of the Third Workshop on Scholarly Document Processing},
  pages={253--262},
  year={2022}
}

@article{salatino2022cso,
  title={CSO Classifier 3.0: a scalable unsupervised method for classifying documents in terms of research topics},
  author={Salatino, Angelo and Osborne, Francesco and Motta, Enrico},
  journal={International Journal on Digital Libraries},
  pages={1--20},
  year={2022},
  publisher={Springer}
}

% summarization
@inproceedings{el2022platform,
  title={A Platform for Argumentative Zoning Annotation and Scientific Summarization},
  author={El-Ebshihy, Alaa and Ningtyas, Annisa Maulida and Andersson, Linda and Piroi, Florina and Rauber, Andreas},
  booktitle={Proceedings of the 31st ACM International Conference on Information \& Knowledge Management},
  pages={4843--4847},
  year={2022}
}

@article{altmami2022automatic,
  title={Automatic summarization of scientific articles: A survey},
  author={Altmami, Nouf Ibrahim and Menai, Mohamed El Bachir},
  journal={Journal of King Saud University-Computer and Information Sciences},
  volume={34},
  number={4},
  pages={1011--1028},
  year={2022},
  publisher={Elsevier}
}

@article{hayashi2020s,
  title={What's New? Summarizing Contributions in Scientific Literature},
  author={Hayashi, Hiroaki and Kry{\'s}ci{\'n}ski, Wojciech and McCann, Bryan and Rajani, Nazneen and Xiong, Caiming},
  journal={arXiv preprint arXiv:2011.03161},
  year={2020}
}

@article{boudin2021keyphrase,
  title={Keyphrase generation for scientific document retrieval},
  author={Boudin, Florian and Gallina, Ygor and Aizawa, Akiko},
  journal={arXiv preprint arXiv:2106.14726},
  year={2021}
}

@article{garg2021keyphrase,
  title={Keyphrase Generation Beyond the Boundaries of Title and Abstract},
  author={Garg, Krishna and Chowdhury, Jishnu Ray and Caragea, Cornelia},
  journal={arXiv preprint arXiv:2112.06776},
  year={2021}
}

@article{cachola2020tldr,
  title={TLDR: Extreme summarization of scientific documents},
  author={Cachola, Isabel and Lo, Kyle and Cohan, Arman and Weld, Daniel S},
  journal={arXiv preprint arXiv:2004.15011},
  year={2020}
}

@article{wright2022generating,
  title={Generating scientific claims for zero-shot scientific fact checking},
  author={Wright, Dustin and Wadden, David and Lo, Kyle and Kuehl, Bailey and Cohan, Arman and Augenstein, Isabelle and Wang, Lucy Lu},
  journal={arXiv preprint arXiv:2203.12990},
  year={2022}
}

@article{goldsack2022making,
  title={Making Science Simple: Corpora for the Lay Summarisation of Scientific Literature},
  author={Goldsack, Tomas and Zhang, Zhihao and Lin, Chenghua and Scarton, Carolina},
  journal={arXiv preprint arXiv:2210.09932},
  year={2022}
}

@article{erera2019summarization,
  title={A summarization system for scientific documents},
  author={Erera, Shai and Shmueli-Scheuer, Michal and Feigenblat, Guy and Nakash, Ora Peled and Boni, Odellia and Roitman, Haggai and Cohen, Doron and Weiner, Bar and Mass, Yosi and Rivlin, Or and others},
  journal={arXiv preprint arXiv:1908.11152},
  year={2019}
}

@article{chen2022scientific,
  title={Scientific Paper Extractive Summarization Enhanced by Citation Graphs},
  author={Chen, Xiuying and Li, Mingzhe and Gao, Shen and Yan, Rui and Gao, Xin and Zhang, Xiangliang},
  journal={arXiv preprint arXiv:2212.04214},
  year={2022}
}

@inproceedings{an2021enhancing,
  title={Enhancing scientific papers summarization with citation graph},
  author={An, Chenxin and Zhong, Ming and Chen, Yiran and Wang, Danqing and Qiu, Xipeng and Huang, Xuanjing},
  booktitle={Proceedings of the AAAI conference on artificial intelligence},
  volume={35},
  pages={12498--12506},
  year={2021}
}

@inproceedings{qi2022sapgraph,
  title={SAPGraph: Structure-aware Extractive Summarization for Scientific Papers with Heterogeneous Graph},
  author={Qi, Siya and Li, Lei and Li, Yiyang and Jiang, Jin and Hu, Dingxin and Li, Yuze and Zhu, Yingqi and Zhou, Yanquan and Litvak, Marina and Vanetik, Natalia},
  booktitle={Proceedings of the 2nd Conference of the Asia-Pacific Chapter of the Association for Computational Linguistics and the 12th International Joint Conference on Natural Language Processing},
  pages={575--586},
  year={2022}
}

@article{subramanian2019extractive,
  title={On extractive and abstractive neural document summarization with transformer language models},
  author={Subramanian, Sandeep and Li, Raymond and Pilault, Jonathan and Pal, Christopher},
  journal={arXiv preprint arXiv:1909.03186},
  year={2019}
}

@article{dong2020discourse,
  title={Discourse-aware unsupervised summarization of long scientific documents},
  author={Dong, Yue and Mircea, Andrei and Cheung, Jackie CK},
  journal={arXiv preprint arXiv:2005.00513},
  year={2020}
}

@article{tretyak2020combination,
  title={Combination of abstractive and extractive approaches for summarization of long scientific texts},
  author={Tretyak, Vladislav and Stepanov, Denis},
  journal={arXiv preprint arXiv:2006.05354},
  year={2020}
}

@inproceedings{yasunaga2019scisummnet,
  title={Scisummnet: A large annotated corpus and content-impact models for scientific paper summarization with citation networks},
  author={Yasunaga, Michihiro and Kasai, Jungo and Zhang, Rui and Fabbri, Alexander R and Li, Irene and Friedman, Dan and Radev, Dragomir R},
  booktitle={Proceedings of the AAAI conference on artificial intelligence},
  volume={33},
  pages={7386--7393},
  year={2019}
}

@article{bastan2022sume,
  title={SuMe: A Dataset Towards Summarizing Biomedical Mechanisms},
  author={Bastan, Mohaddeseh and Shankar, Nishant and Surdeanu, Mihai and Balasubramanian, Niranjan},
  journal={arXiv preprint arXiv:2205.04652},
  year={2022}
}

